@misc{esham_drainage,
    title = {Drainage basin},
    url = {https://en.wiktionary.org/wiki/drainage_basin#/media/File:Drainage_basin.svg},
    publisher = {Wikimedia},
    author = {Benjamin D. Esham},
    year = {2007}
}