
@article{paola_2019,
	author = {Paola, Chris and Ganti, Vamsi and Mohrig, David and Runkel, Anthony C. and Straub, Kyle M.},
	title = {Time Not Our Time: Physical Controls on the Preservation and Measurement of Geologic Time},
	journal = {Annual Review of Earth and Planetary Sciences},
	volume = {46},
	number = {1},
	pages = {409-438},
	year = {2018},
	doi = {10.1146/annurev-earth-082517-010129}
}

@article{tipper_1983,
	doi = {10.1038/302696a0},
	url = {https://doi.org/10.1038/302696a0},
	year = {1983},
	month = apr,
	publisher = {Springer Nature},
	volume = {302},
	number = {5910},
	pages = {696--698},
	author = {John C. Tipper},
	title = {Rates of sedimentation,  and stratigraphical completeness},
	journal = {Nature}
}

@article{sadler_1981,
	author = {Sadler, Peter M.},
	title = {Sediment Accumulation Rates and the Completeness of Stratigraphic Sections},
	journal = {The Journal of Geology},
	volume = {89},
	number = {5},
	pages = {569-584},
	year = {1981},
	doi = {10.1086/628623}
}

@article{schumer_2011,
	author = {Schumer, Rina and Jerolmack, Douglas and McElroy, Brandon},
	title = {The stratigraphic filter and bias in measurement of geologic rates},
	journal = {Geophysical Research Letters},
	volume = {38},
	number = {11},
	doi = {10.1029/2011GL047118},
	year = {2011}
}


